@misc{nasa1,
    url={https://science.nasa.gov/astrophysics/focus-areas/how-do-stars-form-and-evolve},
    journal={NASA},
    publisher={NASA},
    urldate = {2023-04-25}, 
    title = {Stars},
}

@misc{nasa2,
    url={https://imagine.gsfc.nasa.gov/science/objects/neutron_stars2.html},
    urldate = {2023-04-25}, 
    title = {Neutron Stars}
}

@article{baade_zwicky,
    author   = "W. Baade and F. Zwicky",
    title    = "On Super-Novae",
    journal  = "Contributions from the Mount Wilson Observatory",
    year     = 1934,
    volume   = "3",
    pages    = "73-78",
    doi      = "doi: 10.1103/PhysRev.46.76.2",
}

@article{james_chadwick,
    author   = "J. Chadwick",
    title    = "The existence of a neutron",
    year     = 1932,
    doi      = "doi: 10.1098/rspa.1932.0112",
    publisher = "Royal Society Publishing",
}

@article{bell_hewish,
    author   = "Hewish, A. and Bell, S., J. and Pilkington, J., D. and Scott, P., F. and Collins, R., A.",
    title    = "Observation of a rapidly pulsating radio source",
    jounral  = "Nature",
    year     = 1968,
    doi      = "doi: 10.1098/rspa.1932.0112",
}

@article{collapsed_neutron,
       author = {{Zwicky}, F.},
        title = "{On Collapsed Neutron Stars.}",
      journal = {\apj},
         year = 1938,
        month = nov,
       volume = {88},
        pages = {522-525},
          doi = {10.1086/144003},
       adsurl = {https://ui.adsabs.harvard.edu/abs/1938ApJ....88..522Z},
      adsnote = {Provided by the SAO/NASA Astrophysics Data System}
}

@article{observ_collapse_star_zwicky,
       author = {{Zwicky}, F.},
        title = "{On the Theory and Observation of Highly Collapsed Stars}",
      journal = {Physical Review},
         year = 1939,
        month = apr,
       volume = {55},
       number = {8},
        pages = {726-743},
          doi = {10.1103/PhysRev.55.726},
       adsurl = {https://ui.adsabs.harvard.edu/abs/1939PhRv...55..726Z},
      adsnote = {Provided by the SAO/NASA Astrophysics Data System}
}

@article{On_the_Nuclear_Stars,
       author = {{Fujimoto}, Y. and {Yamaguchi}, Y.},
        title = "{On the Nuclear Stars}",
      journal = {Progress of Theoretical Physics},
         year = 1949,
        month = oct,
       volume = {4},
       number = {4},
        pages = {468-476},
          doi = {10.1143/ptp/4.4.468},
       adsurl = {https://ui.adsabs.harvard.edu/abs/1949PThPh...4..468F},
      adsnote = {Provided by the SAO/NASA Astrophysics Data System}
}

@article{duncan_thompson,
       author = {{Duncan}, Robert C. and {Thompson}, Christopher},
        title = "{Formation of Very Strongly Magnetized Neutron Stars: Implications for Gamma-Ray Bursts}",
      journal = {\apjl},
     keywords = {Dynamo Theory, Gamma Ray Bursts, Neutron Stars, Star Formation, Stellar Magnetic Fields, Gravitational Collapse, Stellar Rotation, Supernovae, Astrophysics, GAMMA RAYS: BURSTS, MAGNETIC FIELDS, STARS: NEUTRON, STARS: PULSARS: GENERAL},
         year = 1992,
        month = jun,
       volume = {392},
        pages = {L9},
          doi = {10.1086/186413},
       adsurl = {https://ui.adsabs.harvard.edu/abs/1992ApJ...392L...9D},
      adsnote = {Provided by the SAO/NASA Astrophysics Data System}
}

@article{debarati,
  title={Do hyperons exist in the interior of neutron stars?},
  author={Chatterjee, Debarati and Vidana, Isaac},
  journal={The European Physical Journal A},
  volume={52},
  pages={1--18},
  year={2016},
  publisher={Springer}
}

@article{isaac_vida,
  title={A short walk through the physics of neutron stars},
  author={Vida{\~n}a, Isaac},
  journal={The European Physical Journal Plus},
  volume={133},
  number={10},
  pages={445},
  year={2018},
  publisher={Springer Berlin Heidelberg}
}

@article{black_widow,
       author = {{Eichler}, David and {Levinson}, Amir},
        title = "{On Black Widow Evolutionary Scenarios for Binary Neutron Stars}",
      journal = {\apjl},
     keywords = {Binary Stars, Neutron Stars, Stellar Evolution, Stellar Physics, X Ray Binaries, Gamma Rays, Stellar Mass Ejection, Stellar Winds, Synchrotron Radiation, Astrophysics, PULSARS, STARS: ECLIPSING BINARIES, STARS: WINDS, STARS: X-RAYS, X-RAYS: BINARIES},
         year = 1988,
        month = dec,
       volume = {335},
        pages = {L67},
          doi = {10.1086/185341},
       adsurl = {https://ui.adsabs.harvard.edu/abs/1988ApJ...335L..67E},
      adsnote = {Provided by the SAO/NASA Astrophysics Data System}
}

@article{david_eichler,
       author = {{Eichler}, David},
        title = "{Stellar archaeology and black widow pulsars}",
      journal = {\nat},
     keywords = {Dark Matter, Neutron Stars, Pulsars, Stellar Physics, Binary Stars, Black Holes (Astronomy), Stellar Cores, Astrophysics},
         year = 1988,
        month = dec,
       volume = {336},
       number = {6199},
        pages = {557-558},
          doi = {10.1038/336557a0},
       adsurl = {https://ui.adsabs.harvard.edu/abs/1988Natur.336..557E},
      adsnote = {Provided by the SAO/NASA Astrophysics Data System}
}

@article{pulsar_strong_mag,
    author = {Kouveliotou, C. and Dieters, S. and Strohmayer, T.},
    title = "{An X-ray pulsar with a superstrong magnetic field in the soft g-ray repeater SGR1806 2 20}",
    journal = {\nat},
    year = {1994},
    doi = {\url{https://doi.org/10.1038/30410}},
}

@article{popov_binary_magnetar,
    author = {Sergei B. Popov},
    title = "High magnetic field neutron stars and magnetars in binary systems",
    year = {2022}
}

@article{where_are_magnetar_binary_companion,
    author = {Chrimes, A., A. and Levan A., J. and Fruchter A., S.},
    title = "Where are the magnetar binary companions? Candidates from a comparison with binary population synthesis predictions",
    year = {2022},
}

@article{hulse_taylor1,
    author = {Hulse, R., A. and Taylor, J., H.},
    title = {DISCOVERY OF A PULSAR IN A BINARY SYSTEM},
    year = {1974},
    journal = {The Astrophysical Journal}
}
@ARTICLE{Formation_BWP_Chen_2013,
       author = {{Chen}, Hai-Liang and {Chen}, Xuefei and {Tauris}, Thomas M. and {Han}, Zhanwen},
        title = "{Formation of Black Widows and Redbacks{\textemdash}Two Distinct Populations of Eclipsing Binary Millisecond Pulsars}",
      journal = {\apj},
     keywords = {binaries: eclipsing, pulsars: general, stars: evolution, stars: mass-loss, X-rays: binaries, Astrophysics - Solar and Stellar Astrophysics, Astrophysics - High Energy Astrophysical Phenomena},
         year = 2013,
        month = sep,
       volume = {775},
       number = {1},
          eid = {27},
        pages = {27},
          doi = {10.1088/0004-637X/775/1/27},
archivePrefix = {arXiv},
       eprint = {1308.4107},
 primaryClass = {astro-ph.SR},
       adsurl = {https://ui.adsabs.harvard.edu/abs/2013ApJ...775...27C},
      adsnote = {Provided by the SAO/NASA Astrophysics Data System}
}

@ARTICLE{Bochenek_2015,
       author = {{Bochenek}, Christopher and {Ransom}, Scott and {Demorest}, Paul},
        title = "{The Feasibility of Using Black Widow Pulsars in Pulsar Timing Arrays for Gravitational Wave Detection}",
      journal = {\apjl},
     keywords = {gravitational waves, pulsars: general, stars: neutron, Astrophysics - High Energy Astrophysical Phenomena, Astrophysics - Instrumentation and Methods for Astrophysics, Astrophysics - Solar and Stellar Astrophysics},
         year = 2015,
        month = nov,
       volume = {813},
       number = {1},
          eid = {L4},
        pages = {L4},
          doi = {10.1088/2041-8205/813/1/L4},
archivePrefix = {arXiv},
       eprint = {1509.06662},
 primaryClass = {astro-ph.HE},
       adsurl = {https://ui.adsabs.harvard.edu/abs/2015ApJ...813L...4B},
      adsnote = {Provided by the SAO/NASA Astrophysics Data System}
}

@ARTICLE{Magnetar_GW,
       author = {{Menon}, Sandhya S. and {Guetta}, Dafne and {Dall'Osso}, Simone},
        title = "{UV signatures of magnetar formation and their crucial role for Gravitational Wave detection}",
      journal = {arXiv e-prints},
     keywords = {Astrophysics - High Energy Astrophysical Phenomena, Astrophysics - Astrophysics of Galaxies},
         year = 2023,
        month = may,
          eid = {arXiv:2305.07761},
        pages = {arXiv:2305.07761},
          doi = {10.48550/arXiv.2305.07761},
archivePrefix = {arXiv},
       eprint = {2305.07761},
 primaryClass = {astro-ph.HE},
       adsurl = {https://ui.adsabs.harvard.edu/abs/2023arXiv230507761M},
      adsnote = {Provided by the SAO/NASA Astrophysics Data System}
}

@article{param_estim,
	doi = {10.1103/revmodphys.94.025001},
	year = 2022,
	publisher = {American Physical Society ({APS})},
	volume = {94},
	author = {Nelson Christensen and Renate Meyer},
	title = {Parameter estimation with gravitational waves},
	journal = {Reviews of Modern Physics}
}

@article{Capano2020,
  doi = {10.1038/s41550-020-1014-6},
  year = {2020},
  month = mar,
  publisher = {Springer Science and Business Media {LLC}},
  volume = {4},
  number = {6},
  pages = {625--632},
  author = {Collin D. Capano and Ingo Tews and Stephanie M. Brown and Ben Margalit and Soumi De and Sumit Kumar and Duncan A. Brown and Badri Krishnan and Sanjay Reddy},
  title = {Stringent constraints on neutron-star radii from multimessenger observations and nuclear theory},
  journal = {Nature Astronomy}
}

@article{Sartore2010,
  doi = {10.1051/0004-6361/200912222},
  year = {2010},
  month = feb,
  publisher = {{EDP} Sciences},
  volume = {510},
  pages = {A23},
  author = {N. Sartore and E. Ripamonti and A. Treves and R. Turolla},
  title = {Galactic neutron stars},
  journal = {Astronomy and Astrophysics}
}
@article{Heger_2003,
	doi = {10.1086/375341},
	year = {2003},
	month = {jul},
	publisher = {American Astronomical Society},
	volume = {591},
	number = {1},
	pages = {288--300},
	author = {A. Heger and C. L. Fryer and S. E. Woosley and N. Langer and D. H. Hartmann},
	title = {How Massive Single Stars End Their Life},
	journal = {The Astrophysical Journal}
}
@misc{kayanikhoo2023maximum,
      title={The maximum mass and deformation of rotating strange quark stars with strong magnetic fields}, 
      author={Fatemeh Kayanikhoo and Mateusz Kapusta and Miljenko Čemeljić},
      year={2023},
      eprint={2305.03055},
      archivePrefix={arXiv},
      primaryClass={astro-ph.HE}
}

@misc{kutschera1998neutron,
      title={Neutron Stars: Formation and Structure}, 
      author={Marek Kutschera},
      year={1998},
      eprint={astro-ph/9801235},
      archivePrefix={arXiv},
      primaryClass={astro-ph}
}